<?xml version="1.0" encoding="UTF-8"?>
<record xmlns="http://www.loc.gov/MARC21/slim" xmlns:xsi="http://www.w3.org/2001/XMLSchema-instance" xsi:schemaLocation="http://www.loc.gov/MARC21/slim http://www.loc.gov/standards/marcxml/schema/MARC21slim.xsd">
<leader>00000cam a22      a 4500</leader>
<controlfield tag="001">002120593</controlfield>
<controlfield tag="003">NNU</controlfield>
<controlfield tag="005">20141110184039.0</controlfield>
<controlfield tag="008">940125s1900    ua            000 0 ara d</controlfield>
<datafield tag="035" ind1=" " ind2=" ">
<subfield code="a">(OCoLC)80656565</subfield>
</datafield>
<datafield tag="040" ind1=" " ind2=" ">
<subfield code="a">NNU</subfield>
<subfield code="c">ZYU</subfield>
<subfield code="d">OCLCF</subfield>
<subfield code="d">OCLCO</subfield>
<subfield code="d">NNU</subfield>
</datafield>
<datafield tag="050" ind1=" " ind2="4">
<subfield code="a">PJ6106</subfield>
<subfield code="b">.A37 1900</subfield>
</datafield>
<datafield tag="100" ind1="0" ind2=" ">
<subfield code="6">880-01</subfield>
<subfield code="a">Aḥmad ibn Hārūn.</subfield>
</datafield>
<datafield tag="240" ind1="1" ind2="0">
<subfield code="6">880-02</subfield>
<subfield code="a">Sharḥ al-lafẓ al-lāʼiq wa-al-maʻná al-rāʼiq fī al-alghāz al-lughawīyah</subfield>
</datafield>
<datafield tag="245" ind1="1" ind2="0">
<subfield code="6">880-03</subfield>
<subfield code="a">Kitāb sharḥ al-lafẓ al-lāʼiq wa-al-maʻná al-rāʼiq fī al-alghāz al-lughawīyah /</subfield>
<subfield code="c">li-Abī Bakr Shihāb al-Dīn Aḥmad ibn Hārūn.</subfield>
</datafield>
<datafield tag="260" ind1=" " ind2=" ">
<subfield code="6">880-04</subfield>
<subfield code="a">Miṣr :</subfield>
<subfield code="b">Maṭbaʻat al-Mawsūʻāt,</subfield>
<subfield code="c">1900.</subfield>
</datafield>
<datafield tag="300" ind1=" " ind2=" ">
<subfield code="a">64 p. ;</subfield>
<subfield code="c">20 cm.</subfield>
</datafield>
<datafield tag="650" ind1=" " ind2="0">
<subfield code="a">Arabic language</subfield>
<subfield code="x">Grammar.</subfield>
</datafield>
<datafield tag="650" ind1=" " ind2="7">
<subfield code="a">Arabic language</subfield>
<subfield code="x">Grammar.</subfield>
<subfield code="2">fast</subfield>
<subfield code="0">(OCoLC)fst00812341</subfield>
</datafield>
<datafield tag="740" ind1="0" ind2=" ">
<subfield code="6">880-05</subfield>
<subfield code="a">Sharḥ al-lafẓ al-lāʼiq wa-al-maʻná al-rāʼiq fī al-alghāz al-lughawīyah.</subfield>
</datafield>
<datafield tag="880" ind1="0" ind2=" ">
<subfield code="6">100-01/</subfield>
<subfield code="a">احمد بن هارون.</subfield>
</datafield>
<datafield tag="880" ind1="1" ind2="0">
<subfield code="6">240-02/</subfield>
<subfield code="a">شرح اللفظ اللائق والمعنى الرائق في الالغاز اللغوية</subfield>
</datafield>
<datafield tag="880" ind1="1" ind2="0">
<subfield code="6">245-03/</subfield>
<subfield code="a">كتاب شرح اللفظ اللائق والمعنى الرائق في الالغاز اللغوية /</subfield>
<subfield code="c">لابي بكر شهاب الدين احمد بن هارون.</subfield>
</datafield>
<datafield tag="880" ind1=" " ind2=" ">
<subfield code="6">260-04/</subfield>
<subfield code="a">مصر :</subfield>
<subfield code="b">مطبعة الموسوعات،</subfield>
<subfield code="c">1900.</subfield>
</datafield>
<datafield tag="880" ind1="0" ind2=" ">
<subfield code="6">740-05/</subfield>
<subfield code="a">شرح اللفظ اللائق والمعنى الرائق في الالغاز اللغوية.</subfield>
</datafield>
<datafield tag="OWN" ind1=" " ind2=" ">
<subfield code="a">GENERAL</subfield>
</datafield>
<datafield tag="AVA" ind1=" " ind2=" ">
<subfield code="a">NYU50</subfield>
<subfield code="b">BOBST</subfield>
<subfield code="c">Main Collection</subfield>
<subfield code="d">PJ6106 .A37 1900</subfield>
<subfield code="e">unavailable</subfield>
<subfield code="t">Unavailable</subfield>
<subfield code="f">1</subfield>
<subfield code="g">1</subfield>
<subfield code="h">N</subfield>
<subfield code="i">0</subfield>
<subfield code="j">MAIN</subfield>
<subfield code="k">0</subfield>
</datafield>
</record>
